@Manual{R-evd,
  title = {evd: Functions for Extreme Value Distributions},
  author = {Alec Stephenson. Function fbvpot by Chris Ferro.},
  year = {2018},
  note = {R package version 2.3-3},
  url = {https://CRAN.R-project.org/package=evd},
}
@Article{evd2002,
  title = {evd: Extreme Value Distributions},
  author = {A. G. Stephenson},
  journal = {R News},
  year = {2002},
  volume = {2},
  number = {2},
  pages = {0},
  month = {June},
  url = {https://CRAN.R-project.org/doc/Rnews/},
}
