@Manual{R-dplyr,
  title = {dplyr: A Grammar of Data Manipulation},
  author = {Hadley Wickham and Romain François and Lionel Henry and Kirill Müller},
  year = {2019},
  note = {R package version 0.8.3},
  url = {https://CRAN.R-project.org/package=dplyr},
}
@Manual{R-evir,
  title = {evir: Extreme Values in R},
  author = {Bernhard Pfaff and Alexander McNeil},
  year = {2018},
  note = {R package version 1.7-4},
  url = {https://CRAN.R-project.org/package=evir},
}
@Manual{R-extRemes,
  title = {extRemes: Extreme Value Analysis},
  author = {Eric Gilleland},
  year = {2019},
  note = {R package version 2.0-11},
  url = {https://CRAN.R-project.org/package=extRemes},
}
@Manual{R-fExtremes,
  title = {fExtremes: Rmetrics - Modelling Extreme Events in Finance},
  author = {Diethelm Wuertz and Tobias Setz and Yohan Chalabi},
  year = {2017},
  note = {R package version 3042.82},
  url = {https://CRAN.R-project.org/package=fExtremes},
}
@Manual{R-gstat,
  title = {gstat: Spatial and Spatio-Temporal Geostatistical Modelling, Prediction
and Simulation},
  author = {Edzer Pebesma and Benedikt Graeler},
  year = {2019},
  note = {R package version 2.0-3},
  url = {https://CRAN.R-project.org/package=gstat},
}
@Manual{R-ismev,
  title = {ismev: An Introduction to Statistical Modeling of Extreme Values},
  author = {Original S functions written by Janet E. Heffernan with R port and R documentation provided by Alec G. Stephenson.},
  year = {2018},
  note = {R package version 1.42},
  url = {https://CRAN.R-project.org/package=ismev},
}
@Manual{R-ncdf4,
  title = {ncdf4: Interface to Unidata netCDF (Version 4 or Earlier) Format Data
Files},
  author = {David Pierce},
  year = {2019},
  note = {R package version 1.17},
  url = {https://CRAN.R-project.org/package=ncdf4},
}
@Manual{R-POT,
  title = {POT: Generalized Pareto Distribution and Peaks Over Threshold},
  author = {Mathieu Ribatet and Christophe Dutang},
  year = {2019},
  note = {R package version 1.1-7},
  url = {https://CRAN.R-project.org/package=POT},
}
@Manual{R-Renext,
  title = {Renext: Renewal Method for Extreme Values Extrapolation},
  author = {Yves Deville and {IRSN}},
  year = {2016},
  note = {R package version 3.1-0},
  url = {https://CRAN.R-project.org/package=Renext},
}
@Manual{R-sf,
  title = {sf: Simple Features for R},
  author = {Edzer Pebesma},
  year = {2019},
  note = {R package version 0.8-0},
  url = {https://CRAN.R-project.org/package=sf},
}
@Manual{R-stars,
  title = {stars: Spatiotemporal Arrays, Raster and Vector Data Cubes},
  author = {Edzer Pebesma},
  year = {2019},
  note = {https://r-spatial.github.io/stars/,
https://github.com/r-spatial/stars/},
}
@Manual{R-xts,
  title = {xts: eXtensible Time Series},
  author = {Jeffrey A. Ryan and Joshua M. Ulrich},
  year = {2018},
  note = {R package version 0.11-2},
  url = {https://CRAN.R-project.org/package=xts},
}
@Article{extRemes2016,
  title = {{extRemes} 2.0: An Extreme Value Analysis Package in {R}},
  author = {Eric Gilleland and Richard W. Katz},
  journal = {Journal of Statistical Software},
  year = {2016},
  volume = {72},
  number = {8},
  pages = {1--39},
  doi = {10.18637/jss.v072.i08},
}
@Article{gstat2004,
  title = {Multivariable geostatistics in {S}: the gstat package},
  author = {Edzer J. Pebesma},
  journal = {Computers & Geosciences},
  year = {2004},
  volume = {30},
  pages = {683-691},
}
@Article{gstat2016,
  title = {Spatio-Temporal Interpolation using gstat},
  author = {Benedikt Gräler and Edzer Pebesma and Gerard Heuvelink},
  year = {2016},
  journal = {The R Journal},
  volume = {8},
  issue = {1},
  pages = {204-218},
  url = {https://journal.r-project.org/archive/2016/RJ-2016-014/index.html},
}
@Article{sf2018,
  author = {Edzer Pebesma},
  title = {{Simple Features for R: Standardized Support for Spatial Vector Data}},
  year = {2018},
  journal = {{The R Journal}},
  doi = {10.32614/RJ-2018-009},
  url = {https://doi.org/10.32614/RJ-2018-009},
  pages = {439--446},
  volume = {10},
  number = {1},
}
