@Manual{R-tibble,
  title = {tibble: Simple Data Frames},
  author = {Kirill MÃ¼ller and Hadley Wickham},
  year = {2019},
  note = {R package version 2.1.3},
  url = {https://CRAN.R-project.org/package=tibble},
}
