% Encoding: UTF-8

@TechReport{Pintar2015,
  author    = {Adam L. Pintar and Emil Simiu and Franklin T. Lombardo and Marc L. Levitan},
  title     = {Simple Guide for Evaluating and Expressing the Uncertainty of {NIST} {MeasuremenMaps} of Non-hurricane Non-tornadic Wind Speeds With Specified Mean Recurrence Intervals for the Contiguous United States Using a Two-Dimensional Poisson Process Extreme Value Model and Local Regressiont Results},
  year      = {2015},
  month     = {nov},
  doi       = {10.6028/nist.sp.500-301},
  publisher = {National Institute of Standards and Technology},
}

@Article{Smith1989,
  author    = {Richard L. Smith},
  title     = {Extreme Value Analysis of Environmental Time Series: An Application to Trend Detection in Ground-Level Ozone},
  journal   = {Statistical Science},
  year      = {1989},
  volume    = {4},
  number    = {4},
  pages     = {367--377},
  month     = {nov},
  doi       = {10.1214/ss/1177012400},
  publisher = {Institute of Mathematical Statistics},
}

@Article{Pickands1971,
  author    = {James Pickands},
  title     = {The two-dimensional Poisson process and extremal processes},
  journal   = {Journal of Applied Probability},
  year      = {1971},
  volume    = {8},
  number    = {4},
  pages     = {745--756},
  month     = {dec},
  doi       = {10.2307/3212238},
  publisher = {Cambridge University Press ({CUP})},
}

@Article{Durst1960,
  author  = {C. S. Durst, O.B.E, B.A},
  title   = {Wind speeds over short periods of time},
  journal = {The Meteorological Magazine},
  year    = {1960},
  volume  = {89},
  number  = {1056},
  pages   = {181–187},
  month   = jul,
  url     = {https://www.depts.ttu.edu/nwi/Pubs/ReportsJournals/ReportsJournals/Windspeeds.pdf},
}

@Book{Asce2017,
  title     = {Minimum Design Loads and Associated Criteria for Buildings and Other Structures (ASCE7-16)},
  publisher = {American Society of Civil Engineers},
  year      = {2017},
  author    = {Engineers, American Society Of Civil},
  isbn      = {0784414246},
  date      = {2017-05-30},
  ean       = {9780784414248},
  pagetotal = {690},
  url       = {https://www.ebook.de/de/product/35017614/american_society_of_civil_engineers_minimum_design_loads_and_associated_criteria_for_buildings_and_other_structures_7_16.html},
}

@InBook{Smith2004,
  chapter   = {1},
  pages     = {1-78},
  title     = {Extreme Values in Finance, Telecommunications, and the Environment (Chapman \& Hall/CRC Monographs on Statistics and Applied Probability)},
  publisher = {Chapman and Hall/CRC},
  year      = {2004},
  author    = {Richard L. Smith},
  editor    = {Bärbel F inkenstädt and Holger Rootzén},
  isbn      = {9781584884118},
  url       = {https://www.amazon.com/Telecommunications-Environment-Monographs-Statistics-Probability/dp/1584884118?SubscriptionId=AKIAIOBINVZYXZQZ2U3A&tag=chimbori05-20&linkCode=xm2&camp=2025&creative=165953&creativeASIN=1584884118},
}

@Comment{jabref-meta: databaseType:bibtex;}
